@techreport{Statistics2013,
author = {of Statistics, Australian Bureau},
doi = {4610.0},
institution = {Australian Bureau of Statistics},
publisher = {ABS publication},
title = {{Water Account Australia 2011鈥�2}},
year = {2013}
}

@book{Zhang2001,
    author    = "Walker, G.R. and Zhang, L.",
    title     = "Plot-scale models and their
application to recharge studies",
    year      = "2001",
    publisher = "CSIRO Publishing.",
    address   = "Melbourne"
}

@ONLINE{Google2014,
author = {Google Maps},
title = {{T}asmania, {A}ustralia. {L}atitude: -42.61 , {L}ongitude: 147.39},
month = April,
year = {2014},
url = {https://www.google.com.au/maps/place/42%C2%B036'36.0%22S+147%C2%B023'24.0%22E/@-42.6200899,147.3998392,10892m/data=!3m1!1e3!4m2!3m1!1s0x0:0x0}
}

@techreport{tasmania2013,
author = {of Meteorology, Australian Bureau},
institution = {Australian Bureau of Meteorology},
publisher = {BoM publication},
title = {{Tasmania in 2013: a hot start, then wet and windy}},
year = {2014}
}

@ONLINE{Awap2014,
author = {CSIRO},
title = {{AWAP} 2007-present Weekly Series},
month = March,
year = {2014},
url = {http://www.csiro.au/awap/cgi/awap2.pl}
}

@ONLINE{cosmoz2014,
author = {Thew, Peter and  McJannet, David and Meintjes, Ryan and  Terhorst, Andrew and Hawdon, Aaron},
title = {{C}osm{O}z {W}iki Page},
month = March,
year = {2014},
url = {https://wiki.csiro.au/display/cosmoz/Home}
}

@ONLINE{arizona2014,
author = {of Arizona, University},
title = {{L}ocation of {C}osm{O}z {P}robes},
month = March,
year = {2014},
url = {http://cosmos.hwr.arizona.edu/Probes/australia.php}
}