@techreport{Statistics2013,
author = {of Statistics, Australian Bureau},
doi = {4610.0},
institution = {Australian Bureau of Statistics},
publisher = {ABS publication},
title = {{Water Account Australia 2011â€“12}},
year = {2013}
}